{"orderbooks":[{"baseAsset":"TATA","bids":[{"price":998.7,"quantity":7.6,"orderId":"9cavyhk1c3wd8upz913xnd","filled":38,"side":"buy","userId":"5","timestamp":1760906737885},{"price":998.6,"quantity":5.1,"orderId":"a5u2au7cmwjuodtgd2611","filled":0,"side":"buy","userId":"5","timestamp":1760906734667},{"price":998.5,"quantity":8,"orderId":"edv1tvge8w6mhtndm4f6f","filled":0,"side":"buy","userId":"5","timestamp":1760906731412},{"price":998.2,"quantity":8.1,"orderId":"owqx4xvilycssossa365h","filled":0,"side":"buy","userId":"5","timestamp":1760906737915},{"price":997.8,"quantity":2.9,"orderId":"f5o1m2vyd9gw3sdwyv9vhb","filled":0,"side":"buy","userId":"5","timestamp":1760906734686},{"price":997.6,"quantity":4.5,"orderId":"emf5v6vwloercio45z8xk","filled":0,"side":"buy","userId":"5","timestamp":1760906734702},{"price":997.5,"quantity":8.6,"orderId":"p2vh0l02b8r78d90est40h","filled":0,"side":"buy","userId":"5","timestamp":1760906731435},{"price":997.2,"quantity":9.9,"orderId":"6zlf3ngs5upg0p3gq2nk7t","filled":0,"side":"buy","userId":"5","timestamp":1760906731452},{"price":997.2,"quantity":1.3,"orderId":"udevj1rq6alp03082rlqdi","filled":0,"side":"buy","userId":"8","timestamp":1760906777453},{"price":997.2,"quantity":2.5,"orderId":"0myfhc9rgobni8g63g8l2c","filled":0,"side":"buy","userId":"8","timestamp":1760906844719},{"price":997.2,"quantity":1.6,"orderId":"yr2nnnbr6qk3ffdy4p2re2","filled":0,"side":"buy","userId":"8","timestamp":1760907015228},{"price":997.2,"quantity":2,"orderId":"nabyu4nxdc9yon66lp45c","filled":0,"side":"buy","userId":"8","timestamp":1760907048550}],"asks":[{"price":1002,"quantity":8.3,"orderId":"h48d0c744kvpf4gt5zbf1","filled":26.5,"side":"sell","userId":"5","timestamp":1760906731469},{"price":1002.1,"quantity":7.4,"orderId":"xgc7q9dc3ogfivhs9jy57","filled":0,"side":"sell","userId":"5","timestamp":1760906737949},{"price":1002.2,"quantity":7.4,"orderId":"x1xhqe4is6hl9eimlseaz","filled":0,"side":"sell","userId":"5","timestamp":1760906734734},{"price":1002.3,"quantity":5.1,"orderId":"4xu0bwhexpiteulemern5","filled":0,"side":"sell","userId":"5","timestamp":1760906731502},{"price":1002.4,"quantity":8.9,"orderId":"tzmbdmyxdd9sn34gfxqbyr","filled":0,"side":"sell","userId":"5","timestamp":1760906737977},{"price":1002.7,"quantity":7.3,"orderId":"v1fmtl7sk0l64oymg1gm6","filled":0,"side":"sell","userId":"5","timestamp":1760906731519},{"price":1002.7,"quantity":7.1,"orderId":"dy8vrt8t5pu9a0l6lmz88b","filled":0,"side":"sell","userId":"5","timestamp":1760906734764},{"price":1003.2,"quantity":6.8,"orderId":"5cpoaqeg26wxav3x7lgby","filled":0,"side":"sell","userId":"5","timestamp":1760906734797},{"price":1003.5,"quantity":1.9,"orderId":"v73q2cjftodx5eam71og","filled":0,"side":"sell","userId":"8","timestamp":1760906759193},{"price":1003.5,"quantity":3.7,"orderId":"jf60dqewyhpkeqo0fgb4j","filled":0,"side":"sell","userId":"8","timestamp":1760906771368},{"price":1003.5,"quantity":3.8,"orderId":"l5l498hyhp8dab3pyl1we4","filled":0,"side":"sell","userId":"8","timestamp":1760906798691},{"price":1003.5,"quantity":3.8,"orderId":"4pu3636ia1bbv5k1aqd9y5","filled":0,"side":"sell","userId":"8","timestamp":1760907024329},{"price":1003.5,"quantity":1.9,"orderId":"l7vs7rs6lavqkuitu2ygb","filled":0,"side":"sell","userId":"8","timestamp":1760907042475}],"lastTradeId":14,"currentPrice":0,"lastPrice":"998.7","firstPrice":"0","high":"1002","low":"998.7","volume":"64.5","quoteVolume":"64503.60000000001","trades":"14"}],"balances":[["1",{"INR":{"available":10000000,"locked":0},"TATA":{"available":10000000,"locked":0}}],["2",{"INR":{"available":10000000,"locked":0},"TATA":{"available":10000000,"locked":0}}],["5",{"INR":{"available":49971962.99999999,"locked":16639.399999999987},"TATA":{"available":49999979.70000001,"locked":31.79999999999999}}],["6",{"INR":{"available":50010867.6,"locked":530},"TATA":{"available":49999988.50000001,"locked":0}}],["7",{"INR":{"available":50000000,"locked":0},"TATA":{"available":50000000,"locked":0}}],["8",{"INR":{"available":49992620.72,"locked":7379.280000000001},"TATA":{"available":49999984.900000006,"locked":15.1}}]]}